@ARTICLE{5545490,
  author={Salehi, Mostafa E. and Samadi, Mehrzad and Najibi, Mehrdad and Afzali-Kusha, Ali and Pedram, Masoud and Fakhraie, Sied Mehdi},
  journal={IEEE Transactions on Very Large Scale Integration (VLSI) Systems}, 
  title={Dynamic Voltage and Frequency Scheduling for Embedded Processors Considering Power/Performance Tradeoffs}, 
  year={2011},
  volume={19},
  number={10},
  pages={1931-1935},
  keywords={Frequency;Processor scheduling;Dynamic scheduling;Voltage control;Dynamic voltage scaling;Hardware;Energy consumption;Clocks;Real time systems;Energy management;Dynamic frequency scheduling;dynamic power management;dynamic voltage scheduling (DVS)},
  doi={10.1109/TVLSI.2010.2057520}
}
 @ARTICLE{1374987,
 	author={Nakai, M. and Akui, S. and Seno, K. and Meguro, T. and Seki, T. and Kondo, T. and Hashiguchi, A. and Kawahara, H. and Kumano, K. and Shimura, M.},
 	journal={IEEE Journal of Solid-State Circuits}, 
 	title={Dynamic voltage and frequency management for a low-power embedded microprocessor}, 
 	year={2005},
 	volume={40},
 	number={1},
 	pages={28-35},
 	keywords={Frequency;Microprocessors;CMOS technology;Random access memory;Voltage control;Energy management;Wideband;Clocks;Information management;Processor scheduling;Delay synthesizer;dynamic frequency control (DFC);dynamic voltage and frequency management (DVFM);dynamic voltage control (DVC);embedded DRAM;leakage compensation;wideband bus architecture},
 	doi={10.1109/JSSC.2004.838021}
}
 

